<record><leader>00000cas a2200000 a 4500</leader><controlfield tag="001">11259054</controlfield><controlfield tag="008">841012d186619uunyuwr ne      0    0eng c</controlfield><datafield ind1=" " ind2=" " tag="010"><subfield code="a">sn 84031846 </subfield><subfield code="z">sn 85025983 </subfield></datafield><datafield ind1=" " ind2=" " tag="040"><subfield code="a">NYG</subfield><subfield code="b">eng</subfield><subfield code="c">NYG</subfield><subfield code="d">NPX</subfield><subfield code="d">OCL</subfield><subfield code="d">DLC</subfield><subfield code="d">YOX</subfield><subfield code="d">KNP</subfield><subfield code="d">NYG</subfield><subfield code="d">YOX</subfield><subfield code="d">NSD</subfield><subfield code="d">NYS</subfield><subfield code="d">NVH</subfield><subfield code="d">NYS</subfield><subfield code="d">KNP</subfield><subfield code="d">MGN</subfield><subfield code="d">YOX</subfield><subfield code="d">CNK</subfield><subfield code="d">CNW</subfield><subfield code="d">NVF</subfield><subfield code="d">NYS</subfield><subfield code="d">OCLCQ</subfield><subfield code="d">NVF</subfield><subfield code="d">NYS</subfield><subfield code="d">KRTAS</subfield><subfield code="d">OCLCQ</subfield><subfield code="d">OCLCF</subfield><subfield code="d">OCLCO</subfield></datafield><datafield ind1=" " ind2=" " tag="019"><subfield code="a">12002076</subfield></datafield><datafield ind1="1" ind2=" " tag="029"><subfield code="a">AU@</subfield><subfield code="b">000004622928</subfield></datafield><datafield ind1=" " ind2=" " tag="042"><subfield code="a">pcc</subfield></datafield><datafield ind1=" " ind2=" " tag="043"><subfield code="a">n-us-ny</subfield></datafield><datafield ind1="0" ind2="0" tag="050"><subfield code="a">Newspaper</subfield></datafield><datafield ind1="0" ind2=" " tag="130"><subfield code="a">New-York tribune (New York, N.Y. : 1866 : Weekly)</subfield></datafield><datafield ind1="1" ind2="0" tag="245"><subfield code="a">New-York tribune.</subfield></datafield><datafield ind1="1" ind2="7" tag="246"><subfield code="a">New-York weekly tribune</subfield></datafield><datafield ind1=" " ind2=" " tag="260"><subfield code="a">New-York [N.Y.] :</subfield><subfield code="b">Tribune Association,</subfield><subfield code="c">1866-[1906]</subfield></datafield><datafield ind1=" " ind2=" " tag="300"><subfield code="a">v. ;</subfield><subfield code="c">47-62 cm.</subfield></datafield><datafield ind1=" " ind2=" " tag="310"><subfield code="a">Weekly</subfield></datafield><datafield ind1="0" ind2=" " tag="362"><subfield code="a">Vol. 25, no. 1283 (Apr. 14, 1866)-</subfield></datafield><datafield ind1=" " ind2=" " tag="555"><subfield code="a">Cumulative index: 1875-1906.</subfield></datafield><datafield ind1=" " ind2=" " tag="580"><subfield code="a">Semiweekly ed.: New-York tribune (New York, N.Y. : 1866 : Semiweekly), 1866-&lt;1899&gt;.</subfield></datafield><datafield ind1=" " ind2=" " tag="580"><subfield code="a">Triweekly eds.: New-York tri-weekly tribune, &lt;1900&gt;-1903, and: New York tribune (New York, N.Y. : 1903), 1903-&lt;1909&gt;.</subfield></datafield><datafield ind1=" " ind2=" " tag="588"><subfield code="a">Latest issue consulted: (June 19, 1910).</subfield></datafield><datafield ind1=" " ind2="0" tag="651"><subfield code="a">New York (N.Y.)</subfield><subfield code="v">Newspapers.</subfield></datafield><datafield ind1=" " ind2="0" tag="651"><subfield code="a">New York County (N.Y.)</subfield><subfield code="v">Newspapers.</subfield></datafield><datafield ind1=" " ind2="7" tag="655"><subfield code="a">Newspapers.</subfield><subfield code="2">fast</subfield><subfield code="0">(OCoLC)fst01423814</subfield></datafield><datafield ind1=" " ind2="7" tag="651"><subfield code="a">New York (State)</subfield><subfield code="z">New York.</subfield><subfield code="2">fast</subfield><subfield code="0">(OCoLC)fst01204333</subfield></datafield><datafield ind1=" " ind2="7" tag="651"><subfield code="a">New York (State)</subfield><subfield code="z">New York County.</subfield><subfield code="2">fast</subfield><subfield code="0">(OCoLC)fst01234953</subfield></datafield><datafield ind1=" " ind2=" " tag="752"><subfield code="a">United States</subfield><subfield code="b">New York</subfield><subfield code="c">New York</subfield><subfield code="d">New York.</subfield></datafield><datafield ind1="1" ind2=" " tag="775"><subfield code="t">New-York tribune (New York, N.Y. : 1866 : Semiweekly)</subfield><subfield code="w">(DLC)sn 85025981</subfield><subfield code="w">(OCoLC)12002018</subfield></datafield><datafield ind1="0" ind2=" " tag="775"><subfield code="t">New-York tribune (New York, N.Y. : 1866 : Daily)</subfield><subfield code="w">(DLC)sn 83030214</subfield><subfield code="w">(OCoLC)9405688</subfield></datafield><datafield ind1="1" ind2=" " tag="775"><subfield code="t">New-York tri-weekly tribune</subfield><subfield code="w">(DLC)sn 91066347</subfield><subfield code="w">(OCoLC)24054487</subfield></datafield><datafield ind1="1" ind2=" " tag="775"><subfield code="t">New York tribune (New York, N.Y. : 1903)</subfield><subfield code="w">(DLC)sn 83045333</subfield><subfield code="w">(OCoLC)9440231</subfield></datafield><datafield ind1="0" ind2=" " tag="775"><subfield code="t">New York tribune weekly review</subfield><subfield code="w">(DLC)sn 89070130</subfield><subfield code="w">(OCoLC)20644951</subfield></datafield><datafield ind1="0" ind2="0" tag="780"><subfield code="t">New-York weekly tribune</subfield><subfield code="x">1052-7389</subfield><subfield code="w">(DLC)sn 83030280</subfield><subfield code="w">(OCoLC)4899480</subfield></datafield><datafield ind1=" " ind2=" " tag="938"><subfield code="a">Kirtas Technologies, Inc.</subfield><subfield code="b">KRTS</subfield><subfield code="n">738828</subfield></datafield></record>